<?xml version="1.0" encoding="UTF-8"?><collection xmlns="http://www.loc.gov/MARC21/slim"><record><leader>00456nam--2200181-i-4500</leader><controlfield tag="001">000038242</controlfield><controlfield tag="002">20161230</controlfield><controlfield tag="005">20161230201041</controlfield><controlfield tag="008">060222s1000------------r-----000-0-ger-d</controlfield><datafield ind1=" " ind2=" " tag="040"><subfield code="a">IFIN-HH</subfield></datafield><datafield ind1=" " ind2=" " tag="041"><subfield code="a">ger</subfield></datafield><datafield ind1=" " ind2=" " tag="080"><subfield code="a">532.135</subfield></datafield><datafield ind1="1" ind2=" " tag="100"><subfield code="a">Reiner, Markus</subfield></datafield><datafield ind1="1" ind2="0" tag="245"><subfield code="a">Rheologie. in elementarer darstellung. mit 125 bildern</subfield></datafield><datafield ind1=" " ind2=" " tag="260"><subfield code="a">Leipzig, Veb Fachbuchberlag, 1967,</subfield></datafield><datafield ind1=" " ind2=" " tag="300"><subfield code="a">360P</subfield></datafield><datafield ind1=" " ind2=" " tag="852"><subfield code="a">75168</subfield><subfield code="c">532</subfield></datafield><datafield ind1=" " ind2=" " tag="CAT"><subfield code="a">Sys</subfield><subfield code="c">20100826</subfield><subfield code="h">125402</subfield></datafield></record></collection>